<mx:record xmlns="http://www.w3.org/TR/xhtml1/strict" xmlns:mx="http://www.loc.gov/MARC21/slim" xmlns:xsi="http://www.w3.org/2001/XMLSchema-instance"><mx:leader>00000cz  a2200000n  45 0</mx:leader><mx:controlfield tag="001">oca00448769 </mx:controlfield><mx:controlfield tag="005">20001003150406.0</mx:controlfield><mx:controlfield tag="008">800703n| acannaab           |a aaa      </mx:controlfield><mx:datafield ind1=" " ind2=" " tag="010"><mx:subfield code="a">n  80067225</mx:subfield></mx:datafield><mx:datafield ind1=" " ind2=" " tag="040"><mx:subfield code="a">DLC</mx:subfield><mx:subfield code="c">DLC</mx:subfield><mx:subfield code="d">DLC</mx:subfield></mx:datafield><mx:datafield ind1="0" ind2=" " tag="100"><mx:subfield code="a">Cleomedes</mx:subfield></mx:datafield><mx:datafield ind1="0" ind2=" " tag="400"><mx:subfield code="a">Cléomède</mx:subfield></mx:datafield><mx:datafield ind1=" " ind2=" " tag="670"><mx:subfield code="a">Oxford classical dic., 1996</mx:subfield><mx:subfield code="b">(Cleomedes; wrote (perhaps c. AD 360) a treatise on astronomy, Kyklikē Theōria [meteōrōn], 'Elementary theory [of the heavens]'; 1950 ed. gives Latin title: De motu circulari corporum caelestium)</mx:subfield></mx:datafield><mx:datafield ind1=" " ind2=" " tag="670"><mx:subfield code="a">Théorie élémentaire, 1980:</mx:subfield><mx:subfield code="b">t.p. (Cléomède)</mx:subfield></mx:datafield><mx:datafield ind1=" " ind2=" " tag="999"><mx:subfield code="a">6699</mx:subfield></mx:datafield></mx:record>